@article{lavin1993leonardo,
  title={Leonardo's watery chaos},
  author={Lavin, Irving},
  journal={Talk presented at the Institute for Advanced Research, Princeton},
  year={1993}
}




@article{marusic2021leonardo,
	title={Leonardo da Vinci and Fluid Mechanics},
	author={Marusic, Ivan and Broomhall, Susan},
	journal={Annual Review of Fluid Mechanics},
	volume={53},
	pages={1--25},
	year={2021},
	publisher={Annual Reviews}
}


@article{smith1998newton,
	title={Newton's study of fluid mechanics},
	author={Smith, George E},
	journal={International journal of engineering science},
	volume={36},
	number={12-14},
	pages={1377--1390},
	year={1998},
	publisher={Elsevier}
}