@article{eastin2004q,
  title={Q-circuit tutorial},
  author={Eastin, Bryan and Flammia, Steven T},
  journal={arXiv preprint quant-ph/0406003},
  year={2004}
}

@article{draper2000q,
	title={Addition on a quantum computer.},
	author={Draper, Thomas G},
	journal={arXiv preprint quant-ph/0008033},
	year={2000}
}

@inproceedings{cherkas2016quantum,
	title={Quantum adder of classical numbers},
	author={Cherkas, AV and Chivilikhin, SA},
	booktitle={Journal of Physics: Conference Series},
	volume={735},
	number={1},
	pages={012083},
	year={2016},
	organization={IOP Publishing}
}

@misc{nielsen2002quantum,
	title={Quantum computation and quantum information},
	author={Nielsen, Michael A and Chuang, Isaac},
	year={2002},
	publisher={AAPT}
}


@book{hogben2006handbook,
	title={Handbook of linear algebra},
	author={Hogben, Leslie},
	year={2007},
	publisher={Chapman and Hall/CRC}
}

@article{baconQFT,
	title={The Quantum Fourier Transform and Jordanâ€™s Algorithm},
	author={Bacon, Dave},
	URL={https://courses. cs. washington. edu/courses/cse599d/06wi/lecturenotes9. pdf: 41}
}


@book{horn1990matrix,
	title={Matrix analysis},
	author={Roger A. Horn, and Charles R. Johnson},
	year={1990},
	publisher={Cambridge university press}
}
