@book{kardar2007statistical,
	title={Statistical physics of particles},
	author={Kardar, Mehran},
	year={2007},
	publisher={Cambridge University Press}
}

@article{campbellfeshbach,
	title={Feshbach Resonances in Ultracold Gases},
	author={Campbell, Sara L}
}

@article{ketterle2008making,
	title={Making, probing and understanding ultracold Fermi gases},
	author={Ketterle, Wolfgang and Zwierlein, Martin W},
	journal={La Rivista del Nuovo Cimento},
	volume={31},
	number={5},
	pages={247--422},
	year={2008},
	publisher={Springer}
}