@article{hung2011extracting,
  title={Extracting density--density correlations from in situ images of atomic quantum gases},
  author={Hung, Chen-Lung and Zhang, Xibo and Ha, Li-Chung and Tung, Shih-Kuang and Gemelke, Nathan and Chin, Cheng},
  journal={New Journal of Physics},
  volume={13},
  number={7},
  pages={075019},
  year={2011},
  publisher={IOP Publishing}
}

@article{yukalov2007structure,
  title={Structure factor of Bose-condensed systems},
  author={Yukalov, VI},
  journal={arXiv preprint arXiv:0710.4208},
  year={2007}
}

@book{pitaevskii2016bose,
  title={Bose-Einstein condensation and superfluidity},
  author={Pitaevskii, Lev and Stringari, Sandro},
  volume={164},
  year={2016},
  publisher={Oxford University Press}
}

@article{chandler1988introduction,
  title={Introduction to modern statistical mechanics},
  author={Chandler, David and Percus, Jerome K},
  journal={Physics Today},
  volume={41},
  number={12},
  pages={114},
  year={1988}
}

@book{chaikin1995principles,
  title={Principles of condensed matter physics},
  author={Chaikin, Paul M and Lubensky, Tom C and Witten, Thomas A},
  volume={10},
  year={1995},
  publisher={Cambridge university press Cambridge}
}

@article{rostamilecture,
  title={Lecture notes: Linear Response Theory},
  author={Rostami, Habib}
}

@article{tong2012kinetic,
  title={Kinetic theory},
  author={Tong, David},
  journal={Graduate Course, University of Cambridge, Cambridge, UK},
  year={2012}
}


@article{marconi2008fluctuation,
  title={Fluctuation--dissipation: response theory in statistical physics},
  author={Marconi, Umberto Marini Bettolo and Puglisi, Andrea and Rondoni, Lamberto and Vulpiani, Angelo},
  journal={Physics reports},
  volume={461},
  number={4-6},
  pages={111--195},
  year={2008},
  publisher={Elsevier}
}

@book{kardar2007statistical,
  title={Statistical physics of particles},
  author={Kardar, Mehran},
  year={2007},
  publisher={Cambridge University Press}
}

@article{schirotzek2008determination,
  title={Determination of the superfluid gap in atomic Fermi gases by quasiparticle spectroscopy},
  author={Schirotzek, Andr{\'e} and Shin, Yong-il and Schunck, Christian H and Ketterle, Wolfgang},
  journal={Physical Review Letters},
  volume={101},
  number={14},
  pages={140403},
  year={2008},
  publisher={APS}
}


@book{torma2014quantum,
  title={Quantum Gas Experiments: Exploring Many-Body States},
  author={Torma, Paivi and Sengstock, Klaus},
  volume={3},
  year={2014},
  publisher={World Scientific}
}

@book{cohen1998atom,
  title={Atom-photon interactions: basic processes and applications},
  author={Cohen-Tannoudji, Claude and Dupont-Roc, Jacques and Grynberg, Gilbert},
  year={1998},
  publisher={John Wiley \& Sons}
}

@article{stenger1999bragg,
  title={Bragg spectroscopy of a Bose-Einstein condensate},
  author={Stenger, J and Inouye, S and Chikkatur, Ananth P and Stamper-Kurn, DM and Pritchard, DE and Ketterle, Wolfgang},
  journal={Physical Review Letters},
  volume={82},
  number={23},
  pages={4569},
  year={1999},
  publisher={APS}
}

