@book{kittel1996introduction,
  title={Introduction to solid state physics},
  author={Kittel, Charles and McEuen, Paul and McEuen, Paul},
  volume={8},
  year={1996},
  publisher={Wiley New York}
}