% This file was created with JabRef 2.5.
% Encoding: UTF-8

@ARTICLE{DAPD,
  author = {David Aldous and Persi Diaconis},
  title = {Shuffling cards and stopping times},
  journal = {Amer. Math. Monthly},
  year = {1986},
  volume = {93},
  pages = {333-348},
  owner = {caveman},
  timestamp = {2013.02.08}
}

@BOOK{Appel,
  title = {Levy Processes and Stochastic Calculus},
  author = {David Appelbaum},
  publisher = {Cambridge University Press},
  address = {Cambridge, United Kingdom},
  year = {2004},
  __markedentry = {[caveman]},
  owner = {caveman},
  timestamp = {2013.03.27}
}

@BOOK{Bartle,
  title = {The elements of integration},
  author = {Robert G. Bartle},
  publisher = {John Wiley \& Sons, Inc.},
  year = {1966},
  owner = {caveman},
  timestamp = {2013.01.31}
}

@BOOK{Bass,
  title = {Stochastic Processes},
  author = {Richard F. Bass},
  publisher = {Cambridge University Press},
  address = {Cambridge, UK},
  year = {2011},
  __markedentry = {[caveman]},
  owner = {caveman},
  timestamp = {2013.02.15}
}

@BOOK{Bourbaki,
  title = {General Topology},
  author = {Nicolas Bourbaki},
  publisher = {Springer-Verlag},
  year = {1989},
  owner = {caveman},
  timestamp = {2013.01.27}
}

@BOOK{Davieslobook,
  title = {Linear Operators and their Spectra},
  author = {E. Brian Davies},
  publisher = {Cambridge University Press},
  address = {Cambridge},
  year = {2007},
  owner = {caveman},
  timestamp = {2013.05.03}
}

@ARTICLE{Daviesreview,
  author = {E. Brian Davies},
  title = {Lp Spectral Theory of higher-order elliptic differential operators},
  journal = {Bull. London Math. Soc.},
  year = {1997},
  volume = {29},
  pages = {513-546},
  owner = {caveman},
  timestamp = {2013.05.04}
}

@BOOK{Durrett,
  title = {Probability, Theory and Examples},
  author = {Rick Durrett},
  publisher = {Cambridge University Press},
  address = {Cambridge, UK},
  year = {2010},
  edition = {4th},
  __markedentry = {[caveman]},
  owner = {caveman},
  timestamp = {2013.02.15}
}

@BOOK{Dynkin,
  title = {Markov Processes},
  author = {Eugene B. Dynkin},
  publisher = {Springer-Verlag},
  year = {1965},
  volume = {I},
  owner = {caveman},
  timestamp = {2013.04.04}
}

@BOOK{Evans,
  title = {Partial Differential Equations},
  author = {Lawrence C. Evans},
  publisher = {Amer. Math. Soc.},
  address = {Providence, Rhode Island},
  year = {2010},
  owner = {caveman},
  timestamp = {2013.04.10}
}

@BOOK{FB,
  title = {Linear Algebra},
  author = {J. Fraleigh and R. Beauregard},
  publisher = {Addison-Wesley Publishing Company, Inc.},
  address = {Reading, MA},
  year = {1995},
  edition = {3rd.},
  owner = {caveman},
  timestamp = {2013.01.10}
}

@BOOK{Fuk,
  title = {Dirichlet Forms and Markov Processes},
  author = {Masatoshi Fukushima},
  publisher = {Kodansha Scientific Books},
  address = {Tokyo},
  year = {1980},
  owner = {caveman},
  timestamp = {2013.04.08}
}

@BOOK{Fulton,
  title = {Algebraic Topology},
  author = {William Fulton},
  publisher = {Springer-Verlag},
  year = {1995},
  owner = {caveman},
  timestamp = {2013.02.06}
}

@BOOK{GG,
  title = {Introduction to Topology},
  author = {Theodore W. Gamelin and Robert Everist Greene},
  publisher = {Dover Publications, Inc.},
  address = {Mineola, NY},
  year = {1999},
  owner = {caveman},
  timestamp = {2013.04.20}
}

@UNPUBLISHED{Gross,
  author = {Leonard Gross},
  title = {Lecture notes on functional analysis},
  note = {Math 713, Spring 2012},
  year = {2012},
  owner = {caveman},
  timestamp = {2013.04.03}
}

@BOOK{Herstein,
  title = {Topics in Algebra},
  author = {I.N. Herstein},
  publisher = {John Wiley \& Sons, Inc.},
  year = {1975},
  edition = {2},
  owner = {caveman},
  timestamp = {2013.01.04}
}

@BOOK{Lieb,
  title = {Analysis},
  author = {Elliott H. Lieb and Michael Loss},
  publisher = {Amer. Math. Soc.},
  address = {Providence, R.I.},
  year = {2001},
  edition = {Second},
  owner = {caveman},
  timestamp = {2013.05.03}
}

@BOOK{Munkres,
  title = {Topology},
  author = {James R. Munkres},
  publisher = {Prentice Hall, Inc.},
  address = {Upper Saddle River, NY 07458},
  year = {2000},
  edition = {2nd Edition},
  __markedentry = {[caveman]},
  owner = {caveman},
  timestamp = {2012.08.06}
}

@BOOK{munkres,
  title = {Topology},
  author = {James R. Munkres},
  publisher = {Prentice Hall, Inc.},
  address = {Upper Saddle River, NY 07458},
  year = {2000},
  edition = {2nd Edition},
  owner = {caveman},
  timestamp = {2012.08.06}
}

@ARTICLE{cp1,
  author = {Evan Randles and Laurent Saloff-Coste},
  title = {On the convolution powers of complex functions on Z},
  journal = {arXiv},
  year = {2012},
  note = {Submitted},
  owner = {caveman},
  timestamp = {2013.05.03}
}

@BOOK{Rao,
  title = {Probability Theory with Applications},
  author = {M.M. Rao and R.J. Swift},
  publisher = {Springer-Verlag},
  address = {New York, New York},
  year = {2006},
  edition = {2nd},
  owner = {caveman},
  timestamp = {2013.02.24}
}

@BOOK{Rudin,
  title = {Functional Analysis},
  author = {Walter Rudin},
  publisher = {McGraw-Hill, Inc.},
  year = {1991},
  edition = {2nd},
  owner = {caveman},
  timestamp = {2013.01.31}
}

@BOOK{GRudin,
  title = {Real and Complex Analysis},
  author = {Walter Rudin},
  publisher = {WCB McGraw Hill},
  address = {Boston, Massachusetts},
  year = {1987},
  edition = {3rd},
  __markedentry = {[caveman]},
  owner = {caveman},
  timestamp = {2013.02.15}
}

@BOOK{BRudin,
  title = {Principles of Mathematical Analysis},
  author = {Walter Rudin},
  publisher = {McGraw-Hill, Inc.},
  address = {New York},
  year = {1976},
  edition = {3rd.},
  __markedentry = {[caveman]},
  owner = {caveman},
  timestamp = {2013.02.17}
}

@BOOK{4Stein,
  title = {Functional Analysis},
  author = {Elias M. Stein and Rami Shakarchi},
  publisher = {Princeton University Press},
  year = {2011},
  owner = {caveman},
  timestamp = {2013.04.03}
}

@UNPUBLISHED{BS,
  author = {Benjamin A. Steinhurst},
  title = {MATH7770F10 Lecture Notes},
  owner = {caveman},
  timestamp = {2013.04.12}
}

@ARTICLE{Sturm97,
  author = {K.T. Sturm},
  title = {Monotone approximation of energy functionals for mappings into metric
	spaces.},
  journal = {I.J. Reine Angew. Math.},
  year = {1997},
  volume = {486},
  pages = {129-151},
  owner = {caveman},
  timestamp = {2013.05.04}
}

@ARTICLE{Sturm94,
  author = {K.T. Sturm},
  title = {Analysis on local Dirichlet spaces},
  journal = {I.J. Reine Angew. Math.},
  year = {1994},
  volume = {456},
  pages = {173-196},
  owner = {caveman},
  timestamp = {2013.05.03}
}

@BOOK{Tapp,
  title = {Matrix groups for undergraduates},
  author = {Kristopher Tapp},
  publisher = {Amer. Math. Soc.},
  address = {Providence, RI},
  year = {2005},
  volume = {29},
  owner = {caveman},
  timestamp = {2013.01.08}
}

@BOOK{VSCC,
  title = {Analysis and Geometry on Groups},
  author = {N. Varopoulos and L. Saloff-Coste and T. Coulhon},
  publisher = {Cambridge University Press},
  address = {Cambridge},
  year = {1992},
  volume = {100},
  series = {Cambridge Tracts in Math.},
  owner = {caveman},
  timestamp = {2013.05.03}
}

