@article{FB_rf_1,
  title = {Radio-frequency transitions on weakly bound ultracold molecules},
  author = {Chin, Cheng and Julienne, Paul S.},
  journal = {Phys. Rev. A},
  volume = {71},
  issue = {1},
  pages = {012713},
  numpages = {6},
  year = {2005},
  month = {Jan},
  publisher = {American Physical Society},
  doi = {10.1103/PhysRevA.71.012713},
  url = {https://link.aps.org/doi/10.1103/PhysRevA.71.012713}
}

@misc{sakurai1995modern,
  title={Modern quantum mechanics, revised edition},
  author={Sakurai, Jun John and Commins, Eugene D},
  year={1995},
  publisher={American Association of Physics Teachers}
}

@article{mulkerin2024rabi,
  title={Rabi oscillations and magnetization of a mobile spin-1/2 impurity in a Fermi sea},
  author={Mulkerin, Brendan C and Levinsen, Jesper and Parish, Meera M},
  journal={Physical Review A},
  volume={109},
  number={2},
  pages={023302},
  year={2024},
  publisher={APS}
}

@article{sun2015high,
  title={High-temperature expansion for interacting fermions},
  author={Sun, Mingyuan and Leyronas, Xavier},
  journal={Physical Review A},
  volume={92},
  number={5},
  pages={053611},
  year={2015},
  publisher={APS}
}

@article{leyronas2011virial,
  title={Virial expansion with Feynman diagrams},
  author={Leyronas, Xavier},
  journal={Physical Review A},
  volume={84},
  number={5},
  pages={053633},
  year={2011},
  publisher={APS}
}

@article{barth2014pairing,
  title={Pairing effects in the nondegenerate limit of the two-dimensional Fermi gas},
  author={Barth, Marcus and Hofmann, Johannes},
  journal={Physical Review A},
  volume={89},
  number={1},
  pages={013614},
  year={2014},
  publisher={APS}
}

@article{ngampruetikorn2013pair,
  title={Pair correlations in the two-dimensional Fermi gas},
  author={Ngampruetikorn, Vudtiwat and Levinsen, Jesper and Parish, Meera M},
  journal={Physical review letters},
  volume={111},
  number={26},
  pages={265301},
  year={2013},
  publisher={APS}
}

@article{haussmann2009spectral,
  title={Spectral functions and rf response of ultracold fermionic atoms},
  author={Haussmann, Rudolf and Punk, Matthias and Zwerger, Wilhelm},
  journal={Physical Review A},
  volume={80},
  number={6},
  pages={063612},
  year={2009},
  publisher={APS}
}

@article{kharga2017single,
  title={Single-particle excitations and effects of hetero-pairing fluctuations in a Bose--Fermi mixture with a Feshbach resonance},
  author={Kharga, Digvijay and Inotani, Daisuke and Hanai, Ryo and Ohashi, Yoji},
  journal={Journal of the Physical Society of Japan},
  volume={86},
  number={8},
  pages={084301},
  year={2017},
  publisher={The Physical Society of Japan}
}

@article{manabe2019single,
  title={Single-particle properties of a strongly interacting Bose-Fermi mixture with mass and population imbalance},
  author={Manabe, Koki and Inotani, Daisuke and Ohashi, Yoji},
  journal={Physical Review A},
  volume={100},
  number={6},
  pages={063609},
  year={2019},
  publisher={APS}
}


@article{nishida2013electron,
  title={Electron spin resonance in a dilute magnon gas as a probe of magnon scattering resonances},
  author={Nishida, Yusuke},
  journal={Physical Review B},
  volume={88},
  number={22},
  pages={224402},
  year={2013},
  publisher={APS}
}
