





@article{doi:10.1063/1.1681288,
author = {Field,Richard J.  and Noyes,Richard M. },
title = {Oscillations in chemical systems. IV. Limit cycle behavior in a model of a real chemical reaction},
journal = {The Journal of Chemical Physics},
volume = {60},
number = {5},
pages = {1877-1884},
year = {1974},
doi = {10.1063/1.1681288},

URL = { 
        https://doi.org/10.1063/1.1681288
    
},
eprint = { 
        https://doi.org/10.1063/1.1681288
    
}

}


