@book{ball1999self,
	title={The Self-made Tapestry: Pattern Formation in Nature},
	author={Ball, P. and Borley, N.R.},
	isbn={9780198502449},
	lccn={98016650},
	url={https://books.google.com/books?id=z6KqQgAACAAJ},
	year={1999},
	publisher={Oxford University Press}
}

@article{doi:10.1021/ed061p661,
	author = {Winfree, A. T.},
	title = {The prehistory of the Belousov-Zhabotinsky oscillator},
	journal = {Journal of Chemical Education},
	volume = {61},
	number = {8},
	pages = {661},
	year = {1984},
	doi = {10.1021/ed061p661},
	
	URL = { 
	https://doi.org/10.1021/ed061p661
	
	},
	eprint = { 
	https://doi.org/10.1021/ed061p661
	
	}
	
}

@article{doi:10.1063/1.1681288,
author = {Field,Richard J.  and Noyes,Richard M. },
title = {Oscillations in chemical systems. IV. Limit cycle behavior in a model of a real chemical reaction},
journal = {The Journal of Chemical Physics},
volume = {60},
number = {5},
pages = {1877-1884},
year = {1974},
doi = {10.1063/1.1681288},

URL = { 
https://doi.org/10.1063/1.1681288

},
eprint = { 
https://doi.org/10.1063/1.1681288

}

}	
