@article{zener1932non,
	title={Non-adiabatic crossing of energy levels},
	author={Zener, Clarence},
	journal={Proceedings of the Royal Society of London. Series A, Containing Papers of a Mathematical and Physical Character},
	volume={137},
	number={833},
	pages={696--702},
	year={1932},
	publisher={The Royal Society London}
}

