@article{bechhoefer2005feedback,
  title={Feedback for physicists: A tutorial essay on control},
  author={Bechhoefer, John},
  journal={Reviews of modern physics},
  volume={77},
  number={3},
  pages={783},
  year={2005},
  publisher={APS}
}



@article{zwierleinPID,
	title={A Short Introduction to Feedback Control},
	author={Zwierlein, Martin},
	journal={},
	volume={},
	number={},
	pages={},
	year={2008},
	publisher={}
}

