@article{FB_rf_1,
  title = {Radio-frequency transitions on weakly bound ultracold molecules},
  author = {Chin, Cheng and Julienne, Paul S.},
  journal = {Phys. Rev. A},
  volume = {71},
  issue = {1},
  pages = {012713},
  numpages = {6},
  year = {2005},
  month = {Jan},
  publisher = {American Physical Society},
  doi = {10.1103/PhysRevA.71.012713},
  url = {https://link.aps.org/doi/10.1103/PhysRevA.71.012713}
}

