@article{RevModPhys.77.259,
	title = {The density-matrix renormalization group},
	author = {Schollw\"ock, U.},
	journal = {Rev. Mod. Phys.},
	volume = {77},
	issue = {1},
	pages = {259--315},
	numpages = {0},
	year = {2005},
	month = {Apr},
	publisher = {American Physical Society},
	doi = {10.1103/RevModPhys.77.259},
	url = {https://link.aps.org/doi/10.1103/RevModPhys.77.259}
}


@article{Schollwoeck2011TheDR,
	title={The density-matrix renormalization group in the age of matrix product states},
	author={Ulrich Schollwoeck},
	journal={Annals of Physics},
	year={2011},
	volume={326},
	pages={96-192}
}