@book{lee2013smooth,
  author={Lee, John M},
  title={Introduction to Smooth Manifolds},
  year={2013},
  publisher={Springer}
}

@book{absil2009optimization,
  title={Optimization algorithms on matrix manifolds},
  author={Absil, P-A and Mahony, Robert and Sepulchre, Rodolphe},
  year={2009},
  publisher={Princeton University Press}
}