@article{PhysRevLett.74.3352,
  title = {Stable, Tightly Confining Magnetic Trap for Evaporative Cooling of Neutral Atoms},
  author = {Petrich, Wolfgang and Anderson, Michael H. and Ensher, Jason R. and Cornell, Eric A.},
  journal = {Phys. Rev. Lett.},
  volume = {74},
  issue = {17},
  pages = {3352--3355},
  numpages = {0},
  year = {1995},
  month = {Apr},
  publisher = {American Physical Society},
  doi = {10.1103/PhysRevLett.74.3352},
  url = {https://link.aps.org/doi/10.1103/PhysRevLett.74.3352}
}


@book{maruyama2003optical,
  title={Optical trapping of ytterbium atoms},
  author={Maruyama, Reina},
  year={2003},
  publisher={University of Washington},
}


@article{allcoil,
	title = {All Coils Ioffe-Pritchard Magnetic Trap},
	author = {Danyel Cavazos},
	year = {2015},
	month = {Summer},
	url = {http://dycvz.com/DOCS/allcoilsiptrap-notes.pdf}
}

@misc{griffiths2005introduction,
	title={Introduction to electrodynamics},
	author={Griffiths, David J},
	year={2005},
	publisher={American Association of Physics Teachers}
}

@article{perez2013does,
	title={How does a magnetic trap work?},
	author={P{\'e}rez-R{\'\i}os, J and Sanz, AS},
	journal={American Journal of Physics},
	volume={81},
	number={11},
	pages={836--843},
	year={2013},
	publisher={American Association of Physics Teachers}
}

@article{brink2006majorana,
	title={Majorana spin-flip transitions in a magnetic trap},
	author={Brink, DM and Sukumar, CV},
	journal={Physical Review A},
	volume={74},
	number={3},
	pages={035401},
	year={2006},
	publisher={APS}
}

