







@article{doi:10.1021/ed061p661,
author = {Winfree, A. T.},
title = {The prehistory of the Belousov-Zhabotinsky oscillator},
journal = {Journal of Chemical Education},
volume = {61},
number = {8},
pages = {661},
year = {1984},
doi = {10.1021/ed061p661},

URL = { 
        https://doi.org/10.1021/ed061p661
    
},
eprint = { 
        https://doi.org/10.1021/ed061p661
   
}

}


