@article{RevModPhys.84.671,
	title = {Theoretical aspects of massive gravity},
	author = {Hinterbichler, Kurt},
	journal = {Rev. Mod. Phys.},
	volume = {84},
	issue = {2},
	pages = {671--710},
	numpages = {0},
	year = {2012},
	month = {May},
	publisher = {American Physical Society},
	doi = {10.1103/RevModPhys.84.671},
	url = {https://link.aps.org/doi/10.1103/RevModPhys.84.671}
}

@article{PhysRevResearch.1.033062,
	title = {Subspace-search variational quantum eigensolver for excited states},
	author = {Nakanishi, Ken M. and Mitarai, Kosuke and Fujii, Keisuke},
	journal = {Phys. Rev. Research},
	volume = {1},
	issue = {3},
	pages = {033062},
	numpages = {7},
	year = {2019},
	month = {Oct},
	publisher = {American Physical Society},
	doi = {10.1103/PhysRevResearch.1.033062},
	url = {https://link.aps.org/doi/10.1103/PhysRevResearch.1.033062}
}

@article{Higgott2019variationalquantum,
	doi = {10.22331/q-2019-07-01-156},
	url = {https://doi.org/10.22331/q-2019-07-01-156},
	title = {Variational {Q}uantum {C}omputation of {E}xcited {S}tates},
	author = {Higgott, Oscar and Wang, Daochen and Brierley, Stephen},
	journal = {{Quantum}},
	issn = {2521-327X},
	publisher = {{Verein zur F{\"{o}}rderung des Open Access Publizierens in den Quantenwissenschaften}},
	volume = {3},
	pages = {156},
	month = jul,
	year = {2019}
}

@article{PhysRev.78.695,
	title = {A Molecular Beam Resonance Method with Separated Oscillating Fields},
	author = {Ramsey, Norman F.},
	journal = {Phys. Rev.},
	volume = {78},
	issue = {6},
	pages = {695--699},
	numpages = {0},
	year = {1950},
	month = {Jun},
	publisher = {American Physical Society},
	doi = {10.1103/PhysRev.78.695},
	url = {https://link.aps.org/doi/10.1103/PhysRev.78.695}
}
