@article{berry1984quantal,
  title={Quantal phase factors accompanying adiabatic changes},
  author={Berry, Michael Victor},
  journal={Proceedings of the Royal Society of London. A. Mathematical and Physical Sciences},
  volume={392},
  number={1802},
  pages={45--57},
  year={1984},
  publisher={The Royal Society London}
}



@article{aharonov1959significance,
	title={Significance of electromagnetic potentials in the quantum theory},
	author={Aharonov, Yakir and Bohm, David},
	journal={Physical Review},
	volume={115},
	number={3},
	pages={485},
	year={1959},
	publisher={APS}
}


@article{ehrenberg1949refractive,
	title={The refractive index in electron optics and the principles of dynamics},
	author={Ehrenberg, Werner and Siday, Raymond E},
	journal={Proceedings of the Physical Society. Section B},
	volume={62},
	number={1},
	pages={8},
	year={1949},
	publisher={IOP Publishing}
}



@book{shankar2012principles,
	title={Principles of quantum mechanics},
	author={Shankar, Ramamurti},
	year={2012},
	publisher={Springer Science \& Business Media}
}



@misc{sakurai1995modern,
	title={Modern quantum mechanics, revised edition},
	author={Sakurai, Jun John and Commins, Eugene D},
	year={1995},
	publisher={American Association of Physics Teachers}
}


@book{griffiths2018introduction,
	title={Introduction to quantum mechanics},
	author={Griffiths, David J and Schroeter, Darrell F},
	year={2018},
	publisher={Cambridge university press}
}


@phdthesis{estey2016precision,
	title={Precision Measurement in Atom Interferometry Using Bragg Diffraction},
	author={Estey, Brian Vincent},
	year={2016},
	school={UC Berkeley}
}



@article{hohensee2012force,
	title={Force-free gravitational redshift: proposed gravitational Aharonov-Bohm experiment},
	author={Hohensee, Michael A and Estey, Brian and Hamilton, Paul and Zeilinger, Anton and M{\"u}ller, Holger},
	journal={Physical Review Letters},
	volume={108},
	number={23},
	pages={230404},
	year={2012},
	publisher={APS}
}



@article{mueller2014quantum,
	title={Quantum mechanics, matter waves, and moving clocks},
	author={Mueller, Holger},
	journal={Atom Interferometry, Proceedings of the International School of Physics â€œEnrico Fermi},
	volume={188},
	pages={339--418},
	year={2014}
}


@article{kasevich1992measurement,
	title={Measurement of the gravitational acceleration of an atom with a light-pulse atom interferometer},
	author={Kasevich, Mark and Chu, Steven},
	journal={Applied Physics B},
	volume={54},
	number={5},
	pages={321--332},
	year={1992},
	publisher={Springer}
}


@article{overstreet2022observation,
	title={Observation of a gravitational Aharonov-Bohm effect},
	author={Overstreet, Chris and Asenbaum, Peter and Curti, Joseph and Kim, Minjeong and Kasevich, Mark A},
	journal={Science},
	volume={375},
	number={6577},
	pages={226--229},
	year={2022},
	publisher={American Association for the Advancement of Science}
}


@article{roura2022quantum,
	title={Quantum probe of space-time curvature},
	author={Roura, Albert},
	journal={Science},
	volume={375},
	number={6577},
	pages={142--143},
	year={2022},
	publisher={American Association for the Advancement of Science}
}





















