@article{berry1984quantal,
  title={Quantal phase factors accompanying adiabatic changes},
  author={Berry, Michael Victor},
  journal={Proceedings of the Royal Society of London. A. Mathematical and Physical Sciences},
  volume={392},
  number={1802},
  pages={45--57},
  year={1984},
  publisher={The Royal Society London}
}



@article{aharonov1959significance,
	title={Significance of electromagnetic potentials in the quantum theory},
	author={Aharonov, Yakir and Bohm, David},
	journal={Physical Review},
	volume={115},
	number={3},
	pages={485},
	year={1959},
	publisher={APS}
}


@article{ehrenberg1949refractive,
	title={The refractive index in electron optics and the principles of dynamics},
	author={Ehrenberg, Werner and Siday, Raymond E},
	journal={Proceedings of the Physical Society. Section B},
	volume={62},
	number={1},
	pages={8},
	year={1949},
	publisher={IOP Publishing}
}



@book{shankar2012principles,
	title={Principles of quantum mechanics},
	author={Shankar, Ramamurti},
	year={2012},
	publisher={Springer Science \& Business Media}
}



@misc{sakurai1995modern,
	title={Modern quantum mechanics, revised edition},
	author={Sakurai, Jun John and Commins, Eugene D},
	year={1995},
	publisher={American Association of Physics Teachers}
}


@book{griffiths2018introduction,
	title={Introduction to quantum mechanics},
	author={Griffiths, David J and Schroeter, Darrell F},
	year={2018},
	publisher={Cambridge university press}
}


@phdthesis{estey2016precision,
	title={Precision Measurement in Atom Interferometry Using Bragg Diffraction},
	author={Estey, Brian Vincent},
	year={2016},
	school={UC Berkeley}
}



@article{hohensee2012force,
	title={Force-free gravitational redshift: proposed gravitational Aharonov-Bohm experiment},
	author={Hohensee, Michael A and Estey, Brian and Hamilton, Paul and Zeilinger, Anton and M{\"u}ller, Holger},
	journal={Physical Review Letters},
	volume={108},
	number={23},
	pages={230404},
	year={2012},
	publisher={APS}
}



@article{mueller2014quantum,
	title={Quantum mechanics, matter waves, and moving clocks},
	author={Mueller, Holger},
	journal={Atom Interferometry, Proceedings of the International School of Physics “Enrico Fermi},
	volume={188},
	pages={339--418},
	year={2014}
}


@article{kasevich1992measurement,
	title={Measurement of the gravitational acceleration of an atom with a light-pulse atom interferometer},
	author={Kasevich, Mark and Chu, Steven},
	journal={Applied Physics B},
	volume={54},
	number={5},
	pages={321--332},
	year={1992},
	publisher={Springer}
}


@article{overstreet2022observation,
	title={Observation of a gravitational Aharonov-Bohm effect},
	author={Overstreet, Chris and Asenbaum, Peter and Curti, Joseph and Kim, Minjeong and Kasevich, Mark A},
	journal={Science},
	volume={375},
	number={6577},
	pages={226--229},
	year={2022},
	publisher={American Association for the Advancement of Science}
}


@article{roura2022quantum,
	title={Quantum probe of space-time curvature},
	author={Roura, Albert},
	journal={Science},
	volume={375},
	number={6577},
	pages={142--143},
	year={2022},
	publisher={American Association for the Advancement of Science}
}




@article{dimopoulos2009gravitational,
	title={Gravitational wave detection with atom interferometry},
	author={Dimopoulos, Savas and Graham, Peter W and Hogan, Jason M and Kasevich, Mark A and Rajendran, Surjeet},
	journal={Physics Letters B},
	volume={678},
	number={1},
	pages={37--40},
	year={2009},
	publisher={Elsevier}
}





@article{stray2022quantum,
	title={Quantum sensing for gravity cartography},
	author={Stray, Ben and Lamb, Andrew and Kaushik, Aisha and Vovrosh, Jamie and Rodgers, Anthony and Winch, Jonathan and Hayati, Farzad and Boddice, Daniel and Stabrawa, Artur and Niggebaum, Alexander and others},
	journal={Nature},
	volume={602},
	number={7898},
	pages={590--594},
	year={2022},
	publisher={Nature Publishing Group}
}


@article{tonomura1986evidence,
	title={Evidence for Aharonov-Bohm effect with magnetic field completely shielded from electron wave},
	author={Tonomura, Akira and Osakabe, Nobuyuki and Matsuda, Tsuyoshi and Kawasaki, Takeshi and Endo, Junji and Yano, Shinichiro and Yamada, Hiroji},
	journal={Physical Review Letters},
	volume={56},
	number={8},
	pages={792},
	year={1986},
	publisher={APS}
}


@article{chambers1960shift,
	title={Shift of an electron interference pattern by enclosed magnetic flux},
	author={Chambers, RG},
	journal={Physical Review Letters},
	volume={5},
	number={1},
	pages={3},
	year={1960},
	publisher={APS}
}


@article{fowler1961electron,
	title={Electron interferometer studies of iron whiskers},
	author={Fowler, HA and Marton, L and Simpson, J Arol and Suddeth, JA},
	journal={Journal of Applied Physics},
	volume={32},
	number={6},
	pages={1153--1155},
	year={1961},
	publisher={American Institute of Physics}
}


@article{bocchieri1978nonexistence,
	title={Nonexistence of the Aharonov-Bohm effect},
	author={Bocchieri, P and Loinger, A},
	journal={Il Nuovo Cimento A (1965-1970)},
	volume={47},
	number={4},
	pages={475--482},
	year={1978},
	publisher={Springer}
}


@article{roy1980condition,
	title={Condition for nonexistence of Aharonov-Bohm effect},
	author={Roy, SM},
	journal={Physical Review Letters},
	volume={44},
	number={3},
	pages={111},
	year={1980},
	publisher={APS}
}


@article{bongs2019taking,
	title={Taking atom interferometric quantum sensors from the laboratory to real-world applications},
	author={Bongs, Kai and Holynski, Michael and Vovrosh, Jamie and Bouyer, Philippe and Condon, Gabriel and Rasel, Ernst and Schubert, Christian and Schleich, Wolfgang P and Roura, Albert},
	journal={Nature Reviews Physics},
	volume={1},
	number={12},
	pages={731--739},
	year={2019},
	publisher={Nature Publishing Group}
}


@article{keith1991interferometer,
	title={An interferometer for atoms},
	author={Keith, David W and Ekstrom, Christopher R and Turchette, Quentin A and Pritchard, David E},
	journal={Physical Review Letters},
	volume={66},
	number={21},
	pages={2693},
	year={1991},
	publisher={APS}
}



@article{rasel1995atom,
	title={Atom wave interferometry with diffraction gratings of light},
	author={Rasel, Ernst M and Oberthaler, Markus K and Batelaan, Herman and Schmiedmayer, J{\"o}rg and Zeilinger, Anton},
	journal={Physical Review Letters},
	volume={75},
	number={14},
	pages={2633},
	year={1995},
	publisher={APS}
}


@article{brion2007adiabatic,
	title={Adiabatic elimination in a lambda system},
	author={Brion, Etienne and Pedersen, Line Hjortsh{\o}j and M{\o}lmer, Klaus},
	journal={Journal of Physics A: Mathematical and Theoretical},
	volume={40},
	number={5},
	pages={1033},
	year={2007},
	publisher={IOP Publishing}
}


@article{cimmino1989observation,
	title={Observation of the topological Aharonov-Casher phase shift by neutron interferometry},
	author={Cimmino, A and Opat, GI and Klein, AG and Kaiser, H and Werner, SA and Arif, M and Clothier, R},
	journal={Physical Review Letters},
	volume={63},
	number={4},
	pages={380},
	year={1989},
	publisher={APS}
}



@article{carnal1991young,
	title={Young’s double-slit experiment with atoms: A simple atom interferometer},
	author={Carnal, Olivier and Mlynek, J{\"u}rgen},
	journal={Physical Review Letters},
	volume={66},
	number={21},
	pages={2689},
	year={1991},
	publisher={APS}
}
