@article{valent2003hydrogen,
  title={The hydrogen atom in electric and magnetic fields: Pauli’s 1926 article},
  author={Valent, Galliano},
  journal={American Journal of Physics},
  volume={71},
  number={2},
  pages={171--175},
  year={2003},
  publisher={American Association of Physics Teachers}
}


@article{stahlhofen2004pauli,
  title={Pauli and the Runge--Lenz vector},
  author={Stahlhofen, AA},
  journal={American Journal of Physics},
  volume={72},
  number={1},
  pages={10--10},
  year={2004},
  publisher={American Association of Physics Teachers}
}


@article{goldstein1975prehistory,
  title={Prehistory of the’’Runge--Lenz’’vector},
  author={Goldstein, Herbert},
  journal={American Journal of Physics},
  volume={43},
  number={8},
  pages={737--738},
  year={1975},
  publisher={American Association of Physics Teachers}
}


@article{goldstein1976more,
  title={More on the prehistory of the Laplace or Runge-Lenz vector},
  author={Goldstein, Herbert},
  journal={Am. J. Phys},
  volume={44},
  number={11},
  pages={1123--1124},
  year={1976}
}

@misc{goldstein2002classical,
  title={Classical mechanics},
  author={Goldstein, Herbert and Poole, Charles and Safko, John},
  year={2002},
  publisher={American Association of Physics Teachers}
}

@book{runge1919vektoranalysis,
  title={Vektoranalysis},
  author={Runge, Carl},
  year={1919},
  publisher={S. Hirzel}
}


@book{laplace1823traite,
  title={Trait{\'e} de m{\'e}canique c{\'e}leste, 1},
  author={Laplace, Pierre Simon},
  year={1823},
  publisher={Typ. Crapelet}
}


@article{lenz1924bewegungsverlauf,
  title={{\"U}ber den Bewegungsverlauf und die Quantenzust{\"a}nde der gest{\"o}rten Keplerbewegung},
  author={Lenz, Wilhelm},
  journal={Zeitschrift f{\"u}r Physik},
  volume={24},
  number={1},
  pages={197--207},
  year={1924},
  publisher={Springer}
}


@article{pauli1926wasserstoffspektrum,
  title={{\"U}ber das Wasserstoffspektrum vom Standpunkt der neuen Quantenmechanik},
  author={Pauli Jr, W},
  journal={Zeitschrift f{\"u}r Physik A Hadrons and nuclei},
  volume={36},
  number={5},
  pages={336--363},
  year={1926},
  publisher={Springer}
}

@inproceedings{hamilton1847application,
  title={On the application of the method of quaternions to some dynamical questions},
  author={Hamilton, William Rowan},
  booktitle={Proc. Roy. Irish Acad},
  volume={3},
  pages={441--448},
  year={1847}
}

@article{hermann1710unknown,
  title={Unknown Title},
  author={Hermann, Jakob},
  journal={Giornale de Letterati D’Italia},
  volume={2},
  pages={447--467},
  year={1710}
}

@article{cornish1984hydrogen,
  title={The hydrogen atom and the four-dimensional harmonic oscillator},
  author={Cornish, FHJ},
  journal={Journal of Physics A: Mathematical and General},
  volume={17},
  number={2},
  pages={323},
  year={1984},
  publisher={IOP Publishing}
}


@article{chen1987coulomb,
  title={Coulomb--Kepler problem and the harmonic oscillator},
  author={Chen, Augustine C},
  journal={American Journal of Physics},
  volume={55},
  number={3},
  pages={250--252},
  year={1987},
  publisher={American Association of Physics Teachers}
}

@book{gilmore2008lie,
  title={Lie groups, physics, and geometry: an introduction for physicists, engineers and chemists},
  author={Gilmore, Robert},
  year={2008},
  publisher={Cambridge University Press}
}